<?xml version="1.0" encoding="UTF-8"?><collection xmlns="http://www.loc.gov/MARC21/slim"><record><leader>00383nam--2200145-i-4500</leader><controlfield tag="001">000021016</controlfield><controlfield tag="002">20161230</controlfield><controlfield tag="005">20161230201034</controlfield><controlfield tag="008">060222s1000------------r-----000-0-eng-d</controlfield><datafield ind1=" " ind2=" " tag="020"><subfield code="a">92-0-103</subfield></datafield><datafield ind1=" " ind2=" " tag="080"><subfield code="a">620.179.15:614.876</subfield></datafield><datafield ind1=" " ind2=" " tag="245"><subfield code="a">Lessons learned from accidents in industrial radiography</subfield></datafield><datafield ind1=" " ind2=" " tag="260"><subfield code="a">Vienna, Iaea, 1998. 57 P</subfield></datafield><datafield ind1=" " ind2=" " tag="490"><subfield code="a">Safety Reports Series</subfield></datafield><datafield ind1=" " ind2=" " tag="852"><subfield code="a">80892</subfield></datafield></record></collection>